% This file was created with JabRef 2.3.1.
% Encoding: Cp1252

@INPROCEEDINGS{AlurH89,
  author = {Rajeev Alur and Thomas A. Henzinger},
  title = {A Really Temporal Logic},
  booktitle = {FOCS},
  year = {1989},
  pages = {164-169},
  bibsource = {DBLP, http://dblp.uni-trier.de},
  crossref = {DBLP:conf/focs/FOCS30}
}

@INPROCEEDINGS{BenatallahCGNT05,
  author = {Boualem Benatallah and Fabio Casati and Daniela Grigori and Hamid
	R. Motahari Nezhad and Farouk Toumani},
  title = {Developing Adapters for Web Services Integration.},
  booktitle = {CAiSE},
  year = {2005},
  pages = {415-429},
  bibsource = {DBLP, http://dblp.uni-trier.de},
  crossref = {DBLP:conf/caise/2005},
  ee = {http://dx.doi.org/10.1007/11431855_29}
}

@INPROCEEDINGS{BCPT05a,
  author = {Boualem Benatallah and Fabio Casati and Julien Ponge and Farouk Toumani},
  title = {On Temporal Abstractions of Web Service Protocols.},
  booktitle = {CAiSE Short Paper Proceedings},
  year = {2005},
  bibsource = {DBLP, http://dblp.uni-trier.de},
  crossref = {DBLP:conf/caise/2005fo},
  ee = {http://www.ceur-ws.org/Vol-161/FORUM_07.pdf}
}

@INPROCEEDINGS{KazhamiakinPP06,
  author = {Raman Kazhamiakin and Paritosh K. Pandya and Marco Pistore},
  title = {Timed Modelling and Analysis in Web Service Compositions.},
  booktitle = {ARES},
  year = {2006},
  pages = {840-846},
  bibsource = {DBLP, http://dblp.uni-trier.de},
  crossref = {DBLP:conf/IEEEares/2006},
  ee = {http://doi.ieeecomputersociety.org/10.1109/ARES.2006.134}
}

@INPROCEEDINGS{KongdenfhaSBC06,
  author = {Woralak Kongdenfha and R{\'e}gis Saint-Paul and Boualem Benatallah
	and Fabio Casati},
  title = {An Aspect-Oriented Framework for Service Adaptation.},
  booktitle = {ICSOC},
  year = {2006},
  pages = {15-26},
  bibsource = {DBLP, http://dblp.uni-trier.de},
  crossref = {DBLP:conf/icsoc/2006},
  ee = {http://dx.doi.org/10.1007/11948148_2}
}

@INPROCEEDINGS{Miller00,
  author = {Joseph S. Miller},
  title = {Decidability and Complexity Results for Timed Automata and Semi-linear
	Hybrid Automata.},
  booktitle = {HSCC},
  year = {2000},
  pages = {296-309},
  bibsource = {DBLP, http://dblp.uni-trier.de},
  crossref = {DBLP:conf/hybrid/2000},
  ee = {http://link.springer.de/link/service/series/0558/bibs/1790/17900296.htm}
}

@INPROCEEDINGS{Pnueli77,
  author = {Amir Pnueli},
  title = {The Temporal Logic of Programs},
  booktitle = {FOCS},
  year = {1977},
  pages = {46-57},
  bibsource = {DBLP, http://dblp.uni-trier.de},
  crossref = {DBLP:conf/focs/FOCS18}
}

@MISC{aalst03inheritance,
  author = {W. van der Aalst},
  title = {Inheritance of business processes: A journey visiting four notorious
	problems},
  year = {2003},
  text = {W. M. P. van der Aalst. Inheritance of business processes: A journey
	visiting four notorious problems. In Petri Net Technology for Communication-Based
	Systems, 383--408, 2003.}
}

@TECHREPORT{DumasPetri05,
  author = {W. M.P. van der Aalst and M. Dumas and C. Ouyang and A. Rozinat and
	H.M.W. Verbeek.},
  title = {{Choreography Conformance Checking: An Approach Based on BPEL and
	Petri Nets. BPM Report BPM-05-25}},
  institution = {BPMcenter.org},
  year = {2005},
  month = {December}
}

@ARTICLE{aalst98application,
  author = {{W.M.P. van der} Aalst},
  title = {{The Application of Petri Nets to Workflow Management}},
  journal = {The Journal of Circuits, Systems and Computers},
  year = {1998},
  volume = {8},
  pages = {21--66},
  number = {1}
}

@INPROCEEDINGS{AHS02,
  author = {Luca de Alfaro and Thomas A. Henzinger and Mari\&\#235;lle Stoelinga},
  title = {{Timed Interfaces}},
  booktitle = {{EMSOFT '02: Proceedings of the Second International Conference on
	Embedded Software}},
  year = {2002},
  pages = {108--122},
  address = {London, UK},
  publisher = {Springer-Verlag},
  isbn = {3-540-44307-X}
}

@INPROCEEDINGS{ABKO04,
  author = {A. Alfonso and V. Braberman and N. Kicillof and A. Olivero},
  title = {Visual Timed Event Scenarios},
  booktitle = {ICSE '04: Proceedings of the 26th International Conference on Software
	Engineering},
  year = {2004},
  pages = {168--177},
  address = {Washington, DC, USA},
  publisher = {IEEE Computer Society},
  isbn = {0-7695-2163-0}
}

@BOOK{Alonso04,
  title = {{Web Services: Concepts, Architectures, and Applications}},
  publisher = {Springer Verlag},
  year = {2004},
  author = {G. Alonso and F. Casati and H. Kuno and V. Machiraju}
}

@ARTICLE{AlurCD93,
  author = {Rajeev Alur and Costas Courcoubetis and David L. Dill},
  bibsource = {DBLP, http://dblp.uni-trier.de},
  journal = {Inf. Comput.},
  number = {1},
  pages = {2-34},
  title = {Model-Checking in Dense Real-time},
  volume = {104},
  year = {1993}
}

@INPROCEEDINGS{ACHH93,
  author = {Rajeev Alur and Costas Courcoubetis and Thomas A. Henzinger and Pei-Hsin
	Ho},
  title = {Hybrid Automata: An Algorithmic Approach to the Specification and
	Verification of Hybrid Systems},
  booktitle = {Hybrid Systems},
  year = {1993},
  pages = {209--229},
  address = {London, UK},
  publisher = {Springer-Verlag},
  isbn = {3-540-57318-6}
}

@ARTICLE{RADLD94,
  author = {Rajeev Alur and David L. Dill},
  title = {A Theory of Timed Automata.},
  journal = {Theoretical Computer Science},
  year = {1994},
  volume = {126},
  pages = {183-235},
  number = {2}
}

@ARTICLE{AlurH94,
  author = {Rajeev Alur and Thomas A. Henzinger},
  title = {A Really Temporal Logic},
  journal = {J. ACM},
  year = {1994},
  volume = {41},
  pages = {181-204},
  number = {1},
  bibsource = {DBLP, http://dblp.uni-trier.de},
  ee = {http://doi.acm.org/10.1145/174644.174651}
}

@INPROCEEDINGS{alur97symbolic,
  author = {R. Alur and T. Henzinger and H. Wong-Toi},
  title = {Symbolic analysis of hybrid systems},
  booktitle = {Proc. 37-th IEEE Conference on Decision and Control, 1997.},
  year = {1997}
}

@INPROCEEDINGS{BCPT05b,
  author = {{Boualem Benatallah, Fabio Casati, Julien Ponge and Farouk Toumani}},
  title = {Compatibility and replaceability analysis for timed web service protocols.},
  booktitle = {BDA},
  year = {2005}
}

@TECHREPORT{BBVD+99,
  author = {{Beatrice Berard} and {Volker Diekert} and {Paul Gastin} and {Antoine
	Petit}},
  title = {Characterization of the expressive power of silent transitions in
	timed automata},
  institution = {LIAFA Jussieu},
  year = {1999}
}

@INPROCEEDINGS{BEKM06,
  author = {Catriel Beeri and Anat Eyal and Simon Kamenkovich and Tova Milo},
  title = {Querying business processes},
  booktitle = {VLDB'2006: Proceedings of the 32nd international conference on Very
	large data bases},
  year = {2006},
  pages = {343--354},
  publisher = {VLDB Endowment},
  location = {Seoul, Korea}
}

@INPROCEEDINGS{UPPAAL,
  author = {Gerd Behrmann and Alexandre David and Kim G. Larsen},
  title = {A Tutorial on UPPAAL},
  booktitle = {Formal Methods for the Design of Real-Time Systems: 4th International
	School on Formal Methods for the Design of Computer, Communication,
	and Software Systems, SFM-RT 2004},
  year = {2004},
  editor = {Marco Bernardo and Flavio Corradini},
  number = {3185},
  series = {LNCS},
  pages = {200--236},
  month = {September},
  publisher = {Springer--Verlag}
}

@inproceedings{OuaknineW06,
  author    = {Jo{\"e}l Ouaknine and
               James Worrell},
  title     = {On Metric Temporal Logic and Faulty Turing Machines},
  booktitle = {FoSSaCS},
  year      = {2006},
  pages     = {217-230},
  ee        = {http://dx.doi.org/10.1007/11690634_15},
  crossref  = {DBLP:conf/fossacs/2006},
  bibsource = {DBLP, http://dblp.uni-trier.de}
}

@proceedings{DBLP:conf/fossacs/2006,
  editor    = {Luca Aceto and
               Anna Ing{\'o}lfsd{\'o}ttir},
  title     = {Foundations of Software Science and Computation Structures,
               9th International Conference, FOSSACS 2006, Held as Part
               of the Joint European Conferences on Theory and Practice
               of Software, ETAPS 2006, Vienna, Austria, March 25-31, 2006,
               Proceedings},
  booktitle = {FoSSaCS},
  publisher = {Springer},
  series    = {Lecture Notes in Computer Science},
  volume    = {3921},
  year      = {2006},
  isbn      = {3-540-33045-3},
  bibsource = {DBLP, http://dblp.uni-trier.de}
}


@ARTICLE{FTBB,
  author = {Boualem Benatallah and Fabio Casati and Farouk Toumani},
  title = {Representing, analysing and managing web service protocols},
  journal = {Data Knowledge. Engineering},
  year = {2006},
  volume = {58},
  pages = {327--357},
  number = {3},
  address = {Amsterdam, The Netherlands, The Netherlands},
  doi = {http://dx.doi.org/10.1016/j.datak.2005.07.006},
  issn = {0169-023X},
  publisher = {Elsevier Science Publishers B. V.}
}

@ARTICLE{BBFC04,
  author = {Boualem Benatallah and Fabio Casati and Farouk Toumani},
  title = {Web Service Conversation Modeling: A Cornerstone for E-Business Automation},
  journal = {IEEE Internet Computing},
  year = {2004},
  volume = {08},
  pages = {46-54},
  number = {1},
  address = {Los Alamitos, CA, USA},
  doi = {http://doi.ieeecomputersociety.org/10.1109/MIC.2004.1260703},
  issn = {1089-7801},
  publisher = {IEEE Computer Society}
}

@INPROCEEDINGS{BCT-CAISE03,
  author = {Boualem Benatallah and Fabio Casati and Farouk Toumani and Rachid Hamadi},
  title = {{Conceptual Modeling of Web Service Conversations}},
  booktitle = {Procs of CAiSE'03},
  year = {2003},
  volume = {2681},
  series = {LNCS},
  pages = {449-467},
  address = {Klagenfurt, Austria},
  publisher = {Springer}
}

@ARTICLE{BCTPM06-SM,
  author = {Boualem Benatallah and Fabio Casati and Farouk Toumani and Julien
	Ponge and Hamid Reza Motahari Nezhad},
  title = {Service Mosaic: A Model-Driven Framework for Web Services Life-Cycle
	Management},
  journal = {IEEE Internet Computing},
  year = {2006},
  volume = {10},
  pages = {55-63},
  number = {4},
  address = {Los Alamitos, CA, USA},
  doi = {http://doi.ieeecomputersociety.org/10.1109/MIC.2006.87},
  issn = {1089-7801},
  publisher = {IEEE Computer Society}
}

@MISC{berardi03finite,
  author = {Daniela Berardi and Fabio De Rosa and Luca De Santis and Massimo
	Mecella},
  title = {{Finite State Automata as Conceptual Model for e-Services}},
  year = {2003},
  text = {{D. Berardi, F. De Rosa, L. De Santis, and M. Mecella. Finite State
	Automata as Conceptual Model for e-Services. In Proc. of IDPT 2003}},
}

@ARTICLE{BMPQ-SGR04,
  author = {Philip A. Bernstein and Sergey Melnik and Michalis Petropoulos and
	Christoph Quix},
  title = {Industrial-strength schema matching},
  journal = {SIGMOD Rec.},
  year = {2004},
  volume = {33},
  pages = {38--43},
  number = {4},
  address = {New York, NY, USA},
  doi = {http://doi.acm.org/10.1145/1041410.1041417},
  issn = {0163-5808},
  publisher = {ACM Press}
}

@ARTICLE{BWJ02,
  author = {Claudio Bettini and X. Sean Wang and Sushil Jajodia},
  title = {Temporal Reasoning in Workflow Systems},
  journal = {Distrib. Parallel Databases},
  year = {2002},
  volume = {11},
  pages = {269--306},
  number = {3},
  address = {Hingham, MA, USA},
  doi = {http://dx.doi.org/10.1023/A:1014048800604},
  issn = {0926-8782},
  publisher = {Kluwer Academic Publishers}
}

@INPROCEEDINGS{DBACTH05,
  author = {Dirk Beyer and Arindam Chakrabarti and Thomas A. Henzinger},
  title = {Web service interfaces},
  booktitle = {WWW '05: Proceedings of the 14th international conference on World
	Wide Web},
  year = {2005},
  pages = {148--159},
  address = {New York, NY, USA},
  publisher = {ACM Press},
  doi = {http://doi.acm.org/10.1145/1060745.1060770},
  isbn = {1-59593-046-9},
  location = {Chiba, Japan}
}

@INPROCEEDINGS{Bordeaux04,
  author = {L. Bordeaux and G. Salaun and D. Berardi and M. Marcella},
  title = {{When are two Web Services Compatible?}},
  booktitle = {VLDB TES'04, Toronto, Canada },
  year = {2004}
}

@INPROCEEDINGS{BBFC+05c,
  author = {{Boualem Benatallah} and {Fabio Casati} and {Daniela Grigori} and
	{Hamid R. Motahari Nezhad} and {Farouk Toumani}},
  title = {Developing {A}dapters for {W}eb {S}ervices {I}ntegration},
  booktitle = {Proceedings of {CA}i{SE} 2005, {P}orto, {P}ortugal},
  year = {2005},
  series = {LNCS},
  month = jun,
  publisher = {Springer-Verlag}
}

@INPROCEEDINGS{BBFC04b,
  author = {{Boualem Benatallah} and {Fabio Casati} and {Farouk Toumani}},
  title = {Analysis and {M}anagement of {W}eb {S}ervices {P}rotocols},
  booktitle = {Proceedings of {ER} 2004. {S}hanghai, {C}hina},
  year = {2004},
  month = nov
}

@INPROCEEDINGS{BBFC+05b,
  author = {{Boualem Benatallah} and {Fabio Casati} and {Julien Ponge} and {Farouk
	Toumani}},
  title = {Compatibility and replaceability analysis for timed web service protocols},
  booktitle = {Proceedings of {BDA} 2005, {S}aint-{M}alo, {F}rance},
  year = {2005},
  month = oct
}

@INPROCEEDINGS{Bouyer-M4M5,
  author = {Bouyer, Patricia},
  title = {Model-Cheking Timed Temporal Logics},
  booktitle = {{P}roceedings of the 4th {W}orkshop on {M}ethods for {M}odalities
	({M4M-5})},
  year = {2008},
  editor = {Areces, Carlos and Demri, St{\'e}phane},
  series = {Electronic Notes in Theoretical Computer Science},
  address = {Cachan, France},
  publisher = {Elsevier Science Publishers},
  note = {To appear},
  url = {http://www.lsv.ens-cachan.fr/Publis/PAPERS/PDF/bouyer-M4M5.pdf}
}

@ARTICLE{BDFP04,
  author = {Patricia Bouyer and Catherine Dufourd and Emmanuel Fleury and Antoine
	Petit},
  title = {Updatable timed automata},
  journal = {Theor. Comput. Sci.},
  year = {2004},
  volume = {321},
  pages = {291--345},
  number = {2-3},
  address = {Essex, UK},
  doi = {http://dx.doi.org/10.1016/j.tcs.2004.04.003},
  issn = {0304-3975},
  publisher = {Elsevier Science Publishers Ltd.}
}

@INPROCEEDINGS{BHR-ICALP2006,
  author = {Bouyer, Patricia and Haddad, Serge and Reynier, Pierre-Alain},
  title = {Timed {P}etri Nets and Timed Automata: On the Discriminating Power
	of {Z}eno Sequences},
  booktitle = {{P}roceedings of the 33rd {I}nternational {C}olloquium on {A}utomata,
	{L}anguages and {P}rogramming ({ICALP}'06)~--- {P}art~{II}},
  year = {2006},
  editor = {Buglesi, Michele and Preneel, Bart and Sassone, Vladimiro and Wegener,
	Ingo},
  volume = {4052},
  series = {Lecture Notes in Computer Science},
  pages = {420-431},
  address = {Venice, Italy},
  month = jul,
  publisher = {Springer},
  doi = {10.1007/11787006_36},
  url = {http://www.lsv.ens-cachan.fr/Publis/PAPERS/PDF/BHR-icalp06.pdf}
}

@TECHREPORT{LSV:07:12,
  author = {Bouyer, Patricia and Haddad, Serge and Reynier, Pierre-Alain},
  title = {Undecidability Results for Timed Automata with Silent Transitions},
  institution = {Laboratoire Sp{\'e}cification et V{\'e}rification, ENS Cachan, France},
  year = {2007},
  type = {Research Report},
  number = {LSV-07-12},
  month = feb,
  note = {22 pages},
  url = {http://www.lsv.ens-cachan.fr/Publis/RAPPORTS_LSV/PDF/rr-lsv-2007-12.pdf}
}

@INCOLLECTION{BL-VAT06,
  author = {Bouyer, Patricia and Laroussinie, Fran{\c c}ois},
  title = {V{\'e}rification par automates temporis{\'e}s},
  booktitle = {Syst{\`e}mes temps-r{\'e}el~1~: techniques de description et de v{\'e}rification},
  publisher = {Herm{\`e}s},
  year = {2006},
  editor = {Navet, Nicolas},
  pages = {121-150},
  month = jun,
  url = {http://www.lavoisier.fr/fr/livres/index.asp?texte=2746213030&select=isbn&from=Hermes}
}

@INPROCEEDINGS{KRONOS2,
  author = {Marius Bozga and Conrado Daws and Oded Maler and Alfredo Olivero
	and Stavros Tripakis and Sergio Yovine},
  title = {Kronos: A Model-Checking Tool for Real-Time Systems},
  booktitle = {CAV '98: Proceedings of the 10th International Conference on Computer
	Aided Verification},
  year = {1998},
  pages = {546--550},
  address = {London, UK},
  publisher = {Springer-Verlag},
  isbn = {3-540-64608-6}
}

@INPROCEEDINGS{TB-WWV06,
  author = {Tevfik Bultan},
  title = {{Modeling Interactions of Web Software (invited paper)}},
  booktitle = {{Proceedings of the Second International Workshop on Automated Specification
	and Verification of Web Systems (WWV 2006)}},
  year = {2006}
}

@INPROCEEDINGS{Bultan03,
  author = {Tevfik Bultan and Xiang Fu and Richard Hull and Jianwen Su},
  title = {{Conversation specification: a new approach to design and analysis
	of e-service composition}},
  booktitle = {WWW 2003, Budapest, Hungary},
  year = {2003},
  pages = {403--410},
  month = {May },
  publisher = {ACM}
}

@ARTICLE{BSF06,
  author = {Tevfik Bultan and Jianwen Su and Xiang Fu},
  title = {{Analyzing Conversations of Web Services}},
  journal = {IEEE Internet Computing},
  year = {2006},
  volume = {10},
  pages = {18--25},
  number = {1},
  address = {Piscataway, NJ, USA},
  doi = {http://dx.doi.org/10.1109/MIC.2006.1},
  issn = {1089-7801},
  publisher = {IEEE Educational Activities Department}
}

@INPROCEEDINGS{Bussler02,
  author = {Christoph Bussler},
  title = {Process Inheritance.},
  booktitle = {Proceedings of CAiSE'02},
  year = {2002},
  volume = {2348},
  series = {Lecture Notes in Computer Science},
  pages = {701--705},
  publisher = {Springer},
  ee = {http://link.springer.de/link/service/series/0558/bibs/2348/23480701.htm}
}

@ARTICLE{BerDuf-IPL2000,
  author = {B{\'e}rard, B{\'e}atrice and Dufourd, Catherine},
  title = {Timed Automata and Additive Clock Constraints},
  journal = {Information Processing Letters},
  year = {2000},
  volume = {75},
  pages = {1-7},
  number = {1-2},
  month = JUL,
  publisher = {Elsevier Science Publishers},
  url = {http://www.lsv.ens-cachan.fr/Publis/PAPERS/PS/BerDuf-IPL2000.ps.gz}
}

@ARTICLE{CCLF+06,
  author = {Carlos Canal and Lidia Fuentes and Ernesto Pimentel and Jos� M.
	Troya and Antonio Vallecillo},
  title = {Adding Roles to CORBA Objects},
  journal = {IEEE Trans. Softw. Eng.},
  year = {2003},
  volume = {29},
  pages = {242--260},
  number = {3},
  address = {Piscataway, NJ, USA},
  doi = {http://dx.doi.org/10.1109/TSE.2003.1183935},
  issn = {0098-5589},
  publisher = {IEEE Press}
}

@INPROCEEDINGS{CBMSP07,
  author = {Fabio Casati and Boualem Benatallah and Hamid Motahari and Regis
	Saint-Paul},
  title = {{Protocol Discovery from Imperfect Service Execution Logs}},
  booktitle = {Proceedings of ICDE},
  year = {2007},
  month = {April}
}

@MISC{CECILL-C,
  author = {CEA and CNRS and INRIA},
  title = {{CeCILL-C Free Software License Agreement}},
  howpublished = {\url{http://www.cecill.info/licences/Licence_CeCILL-C_V1-en.html}},
  month = {September},
  year = {2005}
}

@ARTICLE{CCMG00,
  author = {{Christian Choffrut} and {Massimiliano Goldwurm}},
  title = {Timed automata with periodic clock constraints},
  journal = {Journal of Automata, Languages and Combinatorics},
  year = {2000},
  pages = {371--404},
  number = {5},
  month = jul
}

@ARTICLE{ClarkeES86,
  author = {Edmund M. Clarke and E. Allen Emerson and A. Prasad Sistla},
  title = {Automatic Verification of Finite-State Concurrent Systems Using Temporal
	Logic Specifications},
  journal = {ACM Trans. Program. Lang. Syst.},
  year = {1986},
  volume = {8},
  pages = {244-263},
  number = {2},
  bibsource = {DBLP, http://dblp.uni-trier.de},
  ee = {http://doi.acm.org/10.1145/5397.5399}
}

@ARTICLE{DLPN05,
  author = {{D. Lugiez} and {P. Niebert} and {S. Zennou}},
  title = {A partial order semantics approach to the clock explosion problem
	of timed automata},
  journal = {Theoretical Computer Science},
  year = {2005},
  volume = {345},
  month = {21 } # nov
}

@MISC{berardithesis,
  author = {{Daniela Berardi}},
  title = {{Automatic Composition Services: Models, Techniques and Tools, PhD
	thesis}},
  year = {2002}
}

@INPROCEEDINGS{DBDC+05,
  author = {{Daniela Berardi} and {Diego Calvanese} and {Giuseppe De Giacomo}
	and {Richard Hull} and {Massimo Mecella}},
  title = {Automatic {C}omposition of {T}ransition-based {S}emantic {W}eb {S}ervices
	with {M}essaging},
  booktitle = {Proceedings of the 31st {VLDB} {C}onference, {N}orway},
  year = {2005}
}

@INPROCEEDINGS{KRONOS1,
  author = {C. Daws and A. Olivero and S. Tripakis and S. Yovine},
  title = {The tool KRONOS},
  booktitle = {Proceedings of the DIMACS/SYCON workshop on Hybrid systems III :
	verification and control},
  year = {1996},
  pages = {208--219},
  address = {Secaucus, NJ, USA},
  publisher = {Springer-Verlag New York, Inc.},
  isbn = {3-540-61155-X},
  location = {New Brunswick, NeW Jersey, United States}
}

@INPROCEEDINGS{DongHMNZ04,
  author = {Xin Dong and Alon Y. Halevy and Jayant Madhavan and Ema Nemes and
	Jun Zhang},
  title = {{Similarity Search for Web Services.}},
  booktitle = {VLDB},
  year = {2004},
  pages = {372-383}
}

@INPROCEEDINGS{DCPVC06,
  author = {Gregorio Dyaz and M. Emilia Cambronero and Juan J. Pardo and Valentin
	Valero and Fernando Cuartero},
  title = {Automatic generation of Correct Web Services Choreographies and Orchestrations
	with Model Checking Techniques},
  booktitle = {AICT-ICIW '06: Proceedings of the Advanced Int'l Conference on Telecommunications
	and Int'l Conference on Internet and Web Applications and Services},
  year = {2006},
  pages = {186},
  address = {Washington, DC, USA},
  publisher = {IEEE Computer Society},
  doi = {http://dx.doi.org/E2A74A0F-588E-4CA4-9E39-169928FAF43A},
  isbn = {0-7695-2522-9}
}

@INPROCEEDINGS{FUMK-OE05,
  author = {Howard Foster and Sebastian Uchitel and Jeff Magee and Jeff Kramer},
  title = {Leveraging Eclipse for integrated model-based engineering of web
	service compositions},
  booktitle = {{eclipse '05: Proceedings of the 2005 OOPSLA workshop on Eclipse
	technology eXchange}},
  year = {2005},
  pages = {95--99},
  address = {New York, NY, USA},
  publisher = {ACM Press},
  doi = {http://doi.acm.org/10.1145/1117696.1117716},
  isbn = {1-58113-000-0},
  location = {San Diego, California}
}

@INPROCEEDINGS{FUMK-ICWS04,
  author = {Howard Foster and Sebastian Uchitel and Jeff Magee and Jeff Kramer},
  title = {Compatibility Verification for Web Service Choreography},
  booktitle = {ICWS '04: Proceedings of the IEEE International Conference on Web
	Services (ICWS'04)},
  year = {2004},
  pages = {738},
  address = {Washington, DC, USA},
  publisher = {IEEE Computer Society},
  doi = {http://dx.doi.org/10.1109/ICWS.2004.36},
  isbn = {0-7695-2167-3}
}

@INPROCEEDINGS{FBS04,
  author = {Xiang Fu and Tevfik Bultan and Jianwen Su},
  title = {Analysis of interacting BPEL web services},
  booktitle = {WWW '04: Proceedings of the 13th international conference on World
	Wide Web},
  year = {2004},
  pages = {621--630},
  address = {New York, NY, USA},
  publisher = {ACM Press},
  doi = {http://doi.acm.org/10.1145/988672.988756},
  isbn = {1-58113-844-X},
  location = {New York, NY, USA}
}

@BOOK{petrinets,
  title = {Petri Nets for System Engineering: A Guide to Modeling, Verification,
	and Applications},
  publisher = {Springer-Verlag New York, Inc.},
  year = {2001},
  author = {Claude Girault and Rudiger Valk},
  address = {Secaucus, NJ, USA},
  isbn = {3540412174}
}

@MISC{hamadi03petri,
  author = {Rachid Hamadi and Boualem Benatallah},
  title = {A Petri Net-based Model for Web Service Composition},
  year = {2003},
  text = {R. Hamadi and B. Benatallah. A Petri Net-based Model for Web Service
	Composition. In K.-D. Schewe and X. Zhou, editors, Proceedings of
	the 14th Australasian Database Conference (ADC'03), volume 17 of
	CRPIT, Australia, 2003. Australian Computer Society.}
}

@INPROCEEDINGS{HYTECH,
  author = {Thomas A. Henzinger and Pei-Hsin Ho and Howard Wong-Toi},
  title = {HYTECH: A Model Checker for Hybrid Systems},
  booktitle = {CAV '97: Proceedings of the 9th International Conference on Computer
	Aided Verification},
  year = {1997},
  pages = {460--463},
  address = {London, UK},
  publisher = {Springer-Verlag},
  isbn = {3-540-63166-6}
}

@ARTICLE{HNSY94,
  author = {Thomas A. Henzinger and Xavier Nicollin and Joseph Sifakis and Sergio
	Yovine},
  title = {Symbolic model checking for real-time systems},
  journal = {Inf. Comput.},
  year = {1994},
  volume = {111},
  pages = {193--244},
  number = {2},
  address = {Duluth, MN, USA},
  doi = {http://dx.doi.org/10.1006/inco.1994.1045},
  issn = {0890-5401},
  publisher = {Academic Press, Inc.}
}

@MISC{WSCL,
  author = {{Hewlett-Packard Company}},
  title = {{Web Services Conversation Language (WSCL) 1.0}},
  howpublished = {\url{http://www.w3.org/TR/wscl10/}},
  month = {March},
  year = {2002}
}

@BOOK{Hopcroft79,
  title = {Introduction to Automata Theory, Languages, and Computation (2nd
	Edition)},
  publisher = {{Addison Wesley}},
  year = {2000},
  author = {Hopcroft, John E. and Motwani, Rajeev and Ullman, Jeffrey D. },
  month = {November},
  howpublished = {Hardcover},
  isbn = {0201441241},
  keywords = {cs},
  priority = {0},
  url = {http://www.amazon.fr/exec/obidos/ASIN/0201441241/citeulike04-21}
}

@INPROCEEDINGS{Hull03,
  author = {Richard Hull and Michael Benedikt and Vassilis Christophides and
	Jianwen Su },
  title = {{E-services: a look behind the curtain}},
  booktitle = {Proc. 22th Principles of Database Systems (PODS'03), San Diego, CA,
	USA},
  year = {2003},
  pages = {1--14},
  month = {June},
  publisher = {ACM}
}

@INPROCEEDINGS{JOJW04,
  author = {{Joel Ouaknine} and {James Worrell}},
  title = {On the {L}anguage {I}nclusion {P}roblem for {T}imed {A}utomata: {C}losing
	a {D}ecidability {G}ap},
  booktitle = {Proceedings of {LICS} 04},
  year = {2004},
  publisher = {IEEE Computer Society Press}
}

@INPROCEEDINGS{JBWY03,
  author = {{Johan Bengtsson} and {Wang Yi}},
  title = {Timed Automata: Semantics, Algorithms and Tools.},
  booktitle = {Lectures on Concurrency and Petri Nets},
  year = {2003},
  pages = {87-124}
}

@INPROCEEDINGS{HD05,
  author = {{Johannes Henkel} and {Amer Diwan}},
  title = {CatchUp!: capturing and replaying refactorings to support API evolution},
  booktitle = {ICSE '05: Proceedings of the 27th international conference on Software
	engineering},
  year = {2005},
  pages = {274--283},
  address = {New York, NY, USA},
  publisher = {ACM Press},
  doi = {http://doi.acm.org/10.1145/1062455.1062512},
  isbn = {1-59593-963-2},
  location = {St. Louis, MO, USA}
}

@INPROCEEDINGS{JLVL04,
  author = {James E. Johnson and David E. Langworthy and Friedrich H. Vogt and
	Leslie Lamport},
  title = {{Formal Specification of a Web Services Protocol}},
  booktitle = {{Proceedings of the First International Workshop on Web Services
	and Formal Methods (WS-FM 2004), Pisa, Italy}},
  year = {2004},
  month = {February}
}

@ARTICLE{KBBB+04,
  author = {{Karim Baina} and {Boualem Benatallah} and {Fabio Casati} and {Farouk
	Toumani}},
  title = {Model-{D}riven {W}eb {S}ervice {D}evelopment},
  journal = {Proceedings of CAiSE 2004, Riga, Latvia},
  year = {2004},
  month = jun
}

@INPROCEEDINGS{KECE+05,
  author = {{Karsten Ehrig} and {Claudia Ermal} and {Stefan H\"ansgen} and {Gabriele
	Taentzer}},
  title = {Generation of {V}isual {E}ditors as {E}clipse {P}lug-{I}ns},
  booktitle = {Proceedings of {ASE}'05, {L}ong {B}each, {C}alifornia, {USA}},
  year = {2005},
  month = nov,
  publisher = {ACM}
}

@ARTICLE{Koymans90,
  author = {Ron Koymans},
  title = {Specifying Real-Time Properties with Metric Temporal Logic},
  journal = {Real-Time Systems},
  year = {1990},
  volume = {2},
  pages = {255-299},
  number = {4},
  bibsource = {DBLP, http://dblp.uni-trier.de}
}

@BOOK{Lamport-TLA,
  title = {Specifying Systems: The TLA+ Language and Tools for Hardware and
	Software Engineers},
  publisher = {Addison-Wesley Longman Publishing Co., Inc.},
  year = {2002},
  author = {Leslie Lamport},
  address = {Boston, MA, USA},
  isbn = {032114306X}
}

@ARTICLE{LdA+05,
  author = {{Luca de Alfaro} and {Marco Faella} and {Thomas A. Henzinger} and
	{Rupak Majumdar} and {Marie\"elle Stoelinga}},
  title = {Model checking discounted temporal properties},
  journal = {Theoretical Computer Science},
  year = {2005},
  volume = {345},
  month = {21 } # nov
}

@TECHREPORT{MS01,
  author = {{Maria Sorea}},
  title = {Tempo: {A} {M}odel {C}hecker for {E}vent-{R}ecording {A}utomata},
  institution = {SRI International},
  year = {2001},
  month = {7 } # nov
}

@INPROCEEDINGS{DMMZ06,
  author = {Elisabetta De Maria and Angelo Montanari and Marco Zantoni},
  title = {An automaton-based approach to the verification of timed workflow
	schemas},
  booktitle = {TIME '06: Proceedings of the Thirteenth International Symposium on
	Temporal Representation and Reasoning (TIME'06)},
  year = {2006},
  pages = {87--94},
  address = {Washington, DC, USA},
  publisher = {IEEE Computer Society},
  doi = {http://dx.doi.org/10.1109/TIME.2006.6},
  isbn = {0-7695-2617-9}
}

@INPROCEEDINGS{MPC-TES01,
  author = {Massimo Mecella and Barbara Pernici and Paolo Craca},
  title = {Compatibility of e -Services in a Cooperative Multi-platform Environment},
  booktitle = {TES '01: Proceedings of the Second International Workshop on Technologies
	for E-Services},
  year = {2001},
  pages = {44--57},
  address = {London, UK},
  publisher = {Springer-Verlag},
  isbn = {3-540-42565-9}
}

@UNPUBLISHED{MBMCC-WWW07,
  author = {Hamid Motahari and Boualem Benatallah and Axel Martens and Francisco
	Curbera and Fabio Casati},
  title = {Semi-Automated Adaptation of Service Interactions},
  note = {To appear in proceedings of the 16th International World Wide Web
	Conference (WWW2007), Alberta, Canada},
  month = {May},
  year = {2007}
}

@UNPUBLISHED{NSEZ-ICSE07,
  author = {Shiva Nejati and Mehrdad Sabetzadeh and Steve Easterbrook and Pamela
	Zave},
  title = {Matching and Merging of Statecharts Specifications},
  note = {To appear in the proceedings of ICSE'07},
  month = {May},
  year = {2007}
}

@ARTICLE{HMBBFC+06,
  author = {Hamid R. Motahari Nezhad and Boualem Benatallah and Fabio Casati
	and Farouk Toumani},
  title = {Web Services Interoperability Specifications},
  journal = {Computer},
  year = {2006},
  volume = {39},
  pages = {24-32},
  number = {5},
  address = {Los Alamitos, CA, USA},
  doi = {http://doi.ieeecomputersociety.org/10.1109/MC.2006.181},
  issn = {0018-9162},
  publisher = {IEEE Computer Society}
}

@MISC{WSBPEL2,
  author = {{OASIS}},
  title = {{Web Services Business Process Execution Language Version 2.0}},
  howpublished = {\url{http://docs.oasis-open.org/wsbpel/2.0/wsbpel-v2.0.html}},
  month = {April},
  year = {2007}
}

@ARTICLE{OKMYV05,
  author = {{Orna Kupferman} and {Moshe Y. Vardi}},
  title = {From complementation to certification},
  journal = {Theoretical Computer Science},
  year = {2005},
  volume = {345},
  month = {21 } # nov
}

@ARTICLE{ws_cacm_special_issue,
  author = {M. P. Papazoglou and D. Georgakopoulos},
  title = { Special Issue on Service Oriented Computing},
  journal = {Commun. ACM},
  year = {2003},
  volume = {46},
  pages = {24--28},
  number = {10},
  doi = {http://doi.acm.org/10.1145/944217.944233},
  issn = {0001-0782},
  publisher = {ACM Press}
}

@UNPUBLISHED{QZCY-WWW07,
  author = {Zongyan Qiu and Xiangpeng Zhao and Chao Cai and Hongli Yang},
  title = {{Towards the Theoretical Foundation of Choreography}},
  note = {To appear in WWW2007},
  month = {May},
  year = {2007}
}

@INPROCEEDINGS{RACC94,
  author = {{R. Alur} and {C. Courcoubetis} and {T.A. Henzinger}},
  title = {The observational power of clocks},
  booktitle = {Proceedings of the {F}ifth {C}onference on {C}oncurrency {T}heory},
  year = {1994},
  number = {836},
  series = {LNCS},
  pages = {162--177}
}

@INPROCEEDINGS{RvG90,
  author = {{R.J. van Glabbeek}},
  title = {{The Linear Time -- Branching Time Spectrum (extended abstract)}},
  booktitle = {Proceedings of {C}oncur'90, {A}msterdam},
  year = {1990},
  editor = {{J.C.M. Baeten} and {J.W. Klop}},
  volume = {458},
  series = {LNCS},
  pages = {278--297},
  publisher = {Springer}
}

@TECHREPORT{RM03,
  author = {{Radu Mateescu}},
  title = {Logiques temporelles basees sur actions pour la verification des
	systemes asynchrones},
  institution = {INRIA},
  year = {2003},
  number = {5032},
  address = {Unite de recherche INRIA Rhone-Alpes 655, Avenue de l'Europe - 38330
	Montbonnot-St-Martin (France)},
  month = dec
}

@ARTICLE{ERPB-VLDBJ01,
  author = {Erhard Rahm and Philip A. Bernstein},
  title = {A survey of approaches to automatic schema matching},
  journal = {The VLDB Journal},
  year = {2001},
  volume = {10},
  pages = {334--350},
  number = {4},
  address = {Secaucus, NJ, USA},
  doi = {http://dx.doi.org/10.1007/s007780100057},
  issn = {1066-8888},
  publisher = {Springer-Verlag New York, Inc.}
}

@MISC{RA98,
  author = {{Rajeev Alur}},
  title = {Timed {A}utomata},
  howpublished = {NATO-ASI 1998 Summer School on Verification of Digital and Hybrid
	Systems},
  year = {1998}
}

@INPROCEEDINGS{RALF94,
  author = {{Rajeev Alur} and {Limor Fix} and {Thomas A. Henzinger}},
  title = {Event-clock automata: {A} determinizable class of timed automata},
  booktitle = {Proceedings of the {S}ixth {C}onference on {C}omputer-{A}ided {V}erification},
  year = {1994},
  number = {818},
  series = {LNCS}
}

@INPROCEEDINGS{RAPM04,
  author = {{Rajeev Alur} and {P. Madhusudan}},
  title = {Decision problems for timed automata: {A} survey},
  booktitle = {4th {I}ntl. {S}chool on {F}ormal {M}ethods for {C}omputer, {C}ommunication,
	and {S}oftware {S}ystems: {R}eal {T}ime},
  year = {2004}
}

@INBOOK{CS-EquivPreorderChecking,
  chapter = {6, Equivalence and Preorder Checking for Finite-State Systems},
  pages = {391--424},
  title = {Handbook of Process Algebra},
  publisher = {North-Holland},
  year = {2001},
  editor = {Bergstra and Ponse and Smolka},
  author = {{Rance Cleaveland} and {Oleg Sokolsky}}
}

@MISC{ROSETTANET,
  author = {RosettaNet},
  title = {{RosettaNet PIP Directory}},
  howpublished = {\url{http://www.rosettanet.org/}},
  year = {1996 -- 2008}
}

@ARTICLE{WS-standards,
  author = {{S. Vinoski}},
  title = {{W WS-Nonexistent Standards}},
  journal = {IEEE Internet Computing},
  year = {2004},
  volume = {8},
  pages = {94--96},
  number = {6},
  publisher = {IEEE Computer Society}
}

@INPROCEEDINGS{schneider92operational,
  author = {S. A. Schneider},
  title = {An Operational Semantics for Timed {CSP}},
  booktitle = {Proceedings Chalmers Workshop on Concurrency, 1991},
  year = {1992},
  pages = {428--456},
  publisher = {Report PMG-R63, Chalmers University of Technology and University
	of G{\"o}teborg}
}

@INPROCEEDINGS{STRA+96,
  author = {{Serdar Tasiran} and {Rajeev Alur} and {Robert P. Kurshan} and {Robert
	K. Brayton}},
  title = {Verifying {A}bstractions of {T}imed {S}ystems},
  booktitle = {Proceedings of the {S}eventh {I}nternational {C}onference on {C}oncurrency
	{T}heory ({CONCUR} 1996)},
  year = {1996},
  number = {1119},
  series = {LNCS},
  publisher = {Springer Verlag}
}

@INPROCEEDINGS{ST03,
  author = {{Stavros Tripakis}},
  title = {Folk Theorems on the Determinization and Minimization of Timed Automata.},
  booktitle = {FORMATS},
  year = {2003},
  pages = {182-188},
  publisher = {Springer}
}

@MISC{WSCI,
  author = {BEA Systems and Intalio and SAP and Sun Microsystems},
  title = {{Web Service Choreography Interface (WSCI) 1.0}},
  howpublished = {\url{http://www.w3.org/TR/wsci/}},
  month = {August},
  year = {2002}
}

@INPROCEEDINGS{THJR98,
  author = {{T.A. Henzinger} and {J.-F. Raskin} and {P.-Y. Schobbens}},
  title = {The {R}egular {R}eal-{T}ime {L}anguages},
  booktitle = {Proceedings of the 25th {I}nternational {C}olloquium on {A}utomata,
	{L}anguages, and {P}rogramming},
  year = {1998},
  series = {Lecture Notes in Computer Science},
  publisher = {Springer-Verlag}
}

@ARTICLE{THSQ+02,
  author = {{T.A. Henzinger} and {S. Qadeer} and {S.K. Rajamani} and {S. Tasiran}},
  title = {{An assume-guarantee rule for checking simulation}},
  journal = {ACM Trans. Prog. Lang. Syst.},
  year = {2002},
  volume = {24},
  pages = {51--64},
  number = {1}
}

@ARTICLE{LTIM06,
  author = {Ferucio Laurentiu Tiplea and Geanina Ionela Macovei},
  title = {E-timed Workflow Nets},
  journal = {synasc},
  year = {2006},
  volume = {0},
  pages = {423-429},
  address = {Los Alamitos, CA, USA},
  doi = {http://doi.ieeecomputersociety.org/10.1109/SYNASC.2006.33},
  isbn = {0-7695-2740-X},
  publisher = {IEEE Computer Society}
}

@INPROCEEDINGS{VDPG97,
  author = {{Volker Diekert} and {Paul Gastin} and {Antoine Petit}},
  title = {Removing $\varepsilon$-transitions in Timed Automata},
  booktitle = {{STACS}'97},
  year = {1997},
  volume = {1200},
  series = {Lecture Notes in Computer Science},
  pages = {583-594},
  address = {L{\"u}beck, Germany},
  month = feb,
  publisher = {Springer},
  url = {http://www.lsv.ens-cachan.fr/Publis/PAPERS/PS/DGP-stacs97.ps}
}

@ARTICLE{Yellin97,
  author = {D.M.~Yellin and R.E.~Storm},
  title = {{Protocol Specifications and Component Adaptors}},
  journal = {ACM Trans. Program. Lang. Syst.},
  year = {1997},
  volume = {19},
  pages = {292--333},
  number = {2},
  month = mar
}

@PROCEEDINGS{DBLP:conf/caise/2005fo,
  title = {The 17th Conference on Advanced Information Systems Engineering (CAiSE
	'05), Porto, Portugal, 13-17 June, 2005, CAiSE Forum, Short Paper
	Proceedings},
  year = {2005},
  editor = {Orlando Belo and Johann Eder and Jo{\~a}o Falc{\~a}o e Cunha and
	Oscar Pastor},
  volume = {161},
  series = {CEUR Workshop Proceedings},
  publisher = {CEUR-WS.org},
  bibsource = {DBLP, http://dblp.uni-trier.de},
  booktitle = {CAiSE Short Paper Proceedings}
}

@PROCEEDINGS{DBLP:conf/bda/2005,
  title = {21{\`e}mes Journ{\'e}es Bases de Donn{\'e}es Avanc{\'e}es, BDA 2005,
	Saint Malo, 17-20 octobre 2005, Actes (Informal Proceedings).},
  year = {2005},
  editor = {V{\'e}ronique Benzaken},
  bibsource = {DBLP, http://dblp.uni-trier.de},
  booktitle = {BDA}
}

@PROCEEDINGS{DBLP:conf/icsoc/2006,
  title = {Service-Oriented Computing - ICSOC 2006, 4th International Conference,
	Chicago, IL, USA, December 4-7, 2006, Proceedings},
  year = {2006},
  editor = {Asit Dan and Winfried Lamersdorf},
  volume = {4294},
  series = {Lecture Notes in Computer Science},
  publisher = {Springer},
  bibsource = {DBLP, http://dblp.uni-trier.de},
  booktitle = {ICSOC},
  isbn = {3-540-68147-7}
}

@PROCEEDINGS{DBLP:conf/hybrid/2000,
  title = {Hybrid Systems: Computation and Control, Third International Workshop,
	HSCC 2000, Pittsburgh, PA, USA, March 23-25, 2000, Proceedings},
  year = {2000},
  editor = {Nancy A. Lynch and Bruce H. Krogh},
  volume = {1790},
  series = {Lecture Notes in Computer Science},
  publisher = {Springer},
  bibsource = {DBLP, http://dblp.uni-trier.de},
  booktitle = {HSCC},
  isbn = {3-540-67259-1}
}

@PROCEEDINGS{DBLP:conf/caise/2005,
  title = {Advanced Information Systems Engineering, 17th International Conference,
	CAiSE 2005, Porto, Portugal, June 13-17, 2005, Proceedings},
  year = {2005},
  editor = {Oscar Pastor and Jo{\~a}o Falc{\~a}o e Cunha},
  volume = {3520},
  series = {Lecture Notes in Computer Science},
  publisher = {Springer},
  bibsource = {DBLP, http://dblp.uni-trier.de},
  booktitle = {CAiSE},
  isbn = {3-540-26095-1}
}

@PROCEEDINGS{DBLP:conf/IEEEares/2006,
  title = {Proceedings of the The First International Conference on Availability,
	Reliability and Security, ARES 2006, The International Dependability
	Conference - Bridging Theory and Practice, April 20-22 2006, Vienna
	University of Technology, Austria},
  year = {2006},
  publisher = {IEEE Computer Society},
  bibsource = {DBLP, http://dblp.uni-trier.de},
  booktitle = {ARES}
}

@PROCEEDINGS{DBLP:conf/focs/FOCS30,
  title = {30th Annual Symposium on Foundations of Computer Science, 30 October-1
	November 1989, Research Triangle Park, North Carolina, USA},
  year = {1989},
  publisher = {IEEE},
  bibsource = {DBLP, http://dblp.uni-trier.de},
  booktitle = {FOCS}
}

@PROCEEDINGS{DBLP:conf/focs/FOCS18,
  title = {18th Annual Symposium on Foundations of Computer Science, 31 October-2
	November, Providence, Rhode Island, USA},
  year = {1977},
  publisher = {IEEE},
  bibsource = {DBLP, http://dblp.uni-trier.de},
  booktitle = {FOCS}
}

@inproceedings{AlurCD90,
  author    = {Rajeev Alur and
               Costas Courcoubetis and
               David L. Dill},
  title     = {Model-Checking for Real-Time Systems},
  booktitle = {LICS},
  year      = {1990},
  pages     = {414-425},
  crossref  = {DBLP:conf/lics/LICS5},
  bibsource = {DBLP, http://dblp.uni-trier.de}
}

@proceedings{DBLP:conf/lics/LICS5,
  title     = {Proceedings, Fifth Annual IEEE Symposium on Logic in Computer
               Science, 4-7 June 1990, Philadelphia, Pennsylvania, USA},
  booktitle = {LICS},
  publisher = {IEEE Computer Society},
  year      = {1990},
  bibsource = {DBLP, http://dblp.uni-trier.de}
}

@article{OW07,
  author    = {Jo{\"e}l Ouaknine and
               James Worrell},
  title     = {On the decidability and complexity of Metric Temporal Logic
               over finite words},
  journal   = {CoRR},
  volume    = {abs/cs/0702120},
  year      = {2007},
  ee        = {http://arxiv.org/abs/cs/0702120},
  bibsource = {DBLP, http://dblp.uni-trier.de}
}

@article{AlurFH96,
  author    = {Rajeev Alur and
               Tom{\'a}s Feder and
               Thomas A. Henzinger},
  title     = {The Benefits of Relaxing Punctuality},
  journal   = {J. ACM},
  volume    = {43},
  number    = {1},
  year      = {1996},
  pages     = {116-146},
  ee        = {http://doi.acm.org/10.1145/227595.227602},
  bibsource = {DBLP, http://dblp.uni-trier.de}
}

@inproceedings{OuaknineW05,
  author    = {Jo{\"e}l Ouaknine and
               James Worrell},
  title     = {On the Decidability of Metric Temporal Logic},
  booktitle = {LICS},
  year      = {2005},
  pages     = {188-197},
  ee        = {http://dx.doi.org/10.1109/LICS.2005.33},
  crossref  = {DBLP:conf/lics/2005},
  bibsource = {DBLP, http://dblp.uni-trier.de}
}

@proceedings{DBLP:conf/lics/2005,
  title     = {20th IEEE Symposium on Logic in Computer Science (LICS 2005),
               26-29 June 2005, Chicago, IL, USA, Proceedings},
  booktitle = {LICS},
  publisher = {IEEE Computer Society},
  year      = {2005},
  isbn      = {0-7695-2266-1},
  bibsource = {DBLP, http://dblp.uni-trier.de}
}

@inproceedings{BouyerMOW07,
  author    = {Patricia Bouyer and
               Nicolas Markey and
               Jo{\"e}l Ouaknine and
               James Worrell},
  title     = {The Cost of Punctuality},
  booktitle = {LICS},
  year      = {2007},
  pages     = {109-120},
  ee        = {http://doi.ieeecomputersociety.org/10.1109/LICS.2007.49},
  crossref  = {DBLP:conf/lics/2007},
  bibsource = {DBLP, http://dblp.uni-trier.de}
}

@proceedings{DBLP:conf/lics/2007,
  title     = {22nd IEEE Symposium on Logic in Computer Science (LICS 2007),
               10-12 July 2007, Wroclaw, Poland, Proceedings},
  booktitle = {LICS},
  publisher = {IEEE Computer Society},
  year      = {2007},
  bibsource = {DBLP, http://dblp.uni-trier.de}
}





@inproceedings{HSLL97,
 author = {K. Havelund and A. Skou and K. G. Larsen and K. Lund},
 title = {Formal modeling and analysis of an audio/video protocol: an industrial case study using UPPAAL},
 booktitle = {RTSS '97: Proceedings of the 18th IEEE Real-Time Systems Symposium (RTSS '97)},
 year = {1997},
 isbn = {0-8186-8268-X},
 pages = {2},
 publisher = {IEEE Computer Society},
 address = {Washington, DC, USA},
 }
 
 @inproceedings{HLS99,
  author = {Klaus Havelund and Kim Guldstrand Larsen and Arne Skou},
  title = {Formal Verification of a Power Controller Using the Real-Time Model Checker UPPAAL},
  booktitle = {ARTS '99: Proceedings of the 5th International AMAST Workshop on Formal Methods for Real-Time and Probabilistic Systems},
  year = {1999},
  isbn = {3-540-66010-0},
  pages = {277--298},
  publisher = {Springer-Verlag},
  address = {London, UK},
  }

 @inproceedings{DAKRT97,
   author = {Pedro R. D'Argenio and Joost-Pieter Katoen and Theo C. Ruys and Jan Tretmans},
   title = {The Bounded Retransmission Protocol Must Be on Time!},
   booktitle = {TACAS '97: Proceedings of the Third International Workshop on Tools and Algorithms for Construction and Analysis of Systems},
   year = {1997},
   isbn = {3-540-62790-1},
   pages = {416--431},
   publisher = {Springer-Verlag},
   address = {London, UK},
 }

@inproceedings{LAAB98,
  author = {Luca Aceto and Augusto Burgue\,
 {n}o and Kim Guldstrand Larsen},
  title = {Model Checking via Reachability Testing for Timed Automata},
  booktitle = {TACAS '98: Proceedings of the 4th International Conference on Tools and Algorithms for Construction and Analysis of Systems},
  year = {1998},
  isbn = {3-540-64356-7},
  pages = {263--280},
  publisher = {Springer-Verlag},
  address = {London, UK},
}

@InProceedings{dw00,
  author = 	 {Alexandre David and Wang Yi},
  title = 	 {Modelling and Analysis of a Commercial Field Bus Protocol},
  booktitle =    {Proceedings of the 12th Euromicro Conference on Real Time Systems},
  pages = 	 {165--172},
  year = 	 {2000},
  publisher =    {IEEE Computer Society},
  isbn =         {0-7695-0734-4}
}


@inproceedings{lpw:tacas98,
  author = 	 {Magnus Lindahl and Paul Pettersson and Wang Yi},
  title = 	 {{Formal Design and Analysis of a Gear-Box Controller}},
  year = 	 {1998},
  month = 	 Mar,
  series =       {Lecture Notes in Computer Science},
  booktitle =    {Proc.\ of the 4th Workshop on Tools and Algorithms 
                  for the Construction and Analysis of Systems},
  pages =        {281--297},
  number =       1384,
  publisher =    { Springer--Verlag }
}

@article{ bowman98automatic,
    author = "Howard Bowman and Giorgio Faconti and Joost-Pieter Katoen and Diego Latella and Mieke Massink",
    title = "Automatic Verification of a Lip-Synchronisation Protocol Using Uppaal",
    journal = "Formal Aspects of Computing",
    volume = "10",
    number = "5-6",
    pages = "550-575",
    year = "1998"
  }

@inproceedings{BGKLLPY96,
 author = {Johan Bengtsson and W. O. David Griffioen and Kaare J. Kristoffersen and Kim Guldstrand Larsen and Fredrik Larsson and Paul Pettersson and Wang Yi},
 title = {Verification of an Audio Protocol with Bus Collision Using UPPAAL},
 booktitle = {CAV '96: Proceedings of the 8th International Conference on Computer Aided Verification},
 year = {1996},
 isbn = {3-540-61474-5},
 pages = {244--256},
 publisher = {Springer-Verlag},
 address = {London, UK},
 }


@inproceedings{lp:prfts97,
  author = 	 {Henrik L\"onn and Paul Pettersson},
  title = 	 {{Formal Verification of a TDMA Protocol Startup Mechanism}},
  booktitle = 	 {Proc.\ of the { Pacific Rim 
                  Int.\ Symp.\ on Fault-Tolerant Systems}},
  month =        Dec,
  pages =        {235--242},
  year = 	 {1997}
}

@inproceedings{Lenzerini02,
  author    = {Maurizio Lenzerini},
  title     = {Data Integration: A Theoretical Perspective},
  booktitle = {PODS},
  year      = {2002},
  pages     = {233-246},
  ee        = {http://doi.acm.org/10.1145/543613.543644, http://www.acm.org/sigs/sigmod/pods/proc02/papers/233-Lenzerini.pdf},
  crossref  = {DBLP:conf/pods/2002},
  bibsource = {DBLP, http://dblp.uni-trier.de}
}

@proceedings{DBLP:conf/pods/2002,
  editor    = {Lucian Popa},
  title     = {Proceedings of the Twenty-first ACM SIGACT-SIGMOD-SIGART
               Symposium on Principles of Database Systems, June 3-5, Madison,
               Wisconsin, USA},
  publisher = {ACM},
  year      = {2002},
  bibsource = {DBLP, http://dblp.uni-trier.de}
}

@article{Ullman00,
  author    = {Jeffrey D. Ullman},
  title     = {Information integration using logical views},
  journal   = {Theor. Comput. Sci.},
  volume    = {239},
  number    = {2},
  year      = {2000},
  pages     = {189-210},
  ee        = {http://dx.doi.org/10.1016/S0304-3975(99)00219-4},
  bibsource = {DBLP, http://dblp.uni-trier.de}
}

@inproceedings{ChawatheGHPUW94,
  author    = {Sudarshan S. Chawathe and
               Hector Garcia-Molina and
               Joachim Hammer and
               Kelly Ireland and
               Yannis Papakonstantinou and
               Jeffrey D. Ullman and
               Jennifer Widom},
  title     = {The TSIMMIS Project: Integration of Heterogeneous Information
               Sources},
  booktitle = {IPSJ},
  year      = {1994},
  pages     = {7-18},
  bibsource = {DBLP, http://dblp.uni-trier.de}
}

@inproceedings{LevyRO96,
  author    = {Alon Y. Levy and
               Anand Rajaraman and
               Joann J. Ordille},
  title     = {The World Wide Web as a Collection of Views: Query Processing
               in the Information Manifold},
  booktitle = {VIEWS},
  year      = {1996},
  pages     = {43-55},
  bibsource = {DBLP, http://dblp.uni-trier.de}
}

@article{HalevyIMMST04,
  author    = {Alon Y. Halevy and
               Zachary G. Ives and
               Jayant Madhavan and
               Peter Mork and
               Dan Suciu and
               Igor Tatarinov},
  title     = {The Piazza Peer Data Management System},
  journal   = {IEEE Trans. Knowl. Data Eng.},
  volume    = {16},
  number    = {7},
  year      = {2004},
  pages     = {787-798},
  ee        = {http://csdl.computer.org/comp/trans/tk/2004/07/k0787abs.htm},
  bibsource = {DBLP, http://dblp.uni-trier.de}
}

@article{LattesR00,
  author    = {Fran\c{c}ois Goasdou{\'e} and
               V{\'e}ronique Latt{\`e}s and
               Marie-Christine Rousset},
  title     = {The Use of CARIN Language and Algorithms for Information
               Integration: The PICSEL System},
  journal   = {Int. J. Cooperative Inf. Syst.},
  volume    = {9},
  number    = {4},
  year      = {2000},
  pages     = {383-401},
  ee        = {http://www.worldscinet.com/journals/ijcis/09/0904/S0218843000000181.html},
  bibsource = {DBLP, http://dblp.uni-trier.de}
}

@article{Lamb87,
 author = {David Alex Lamb},
 title = {IDL: sharing intermediate representations},
 journal = {ACM Transactions on Programming Languages and Sysems (TOPLAS).},
 volume = {9},
 number = {3},
 year = {1987},
 issn = {0164-0925},
 pages = {297--318},
 doi = {http://doi.acm.org/10.1145/24039.24040},
 publisher = {ACM},
 address = {New York, NY, USA},
}

@book{EAA02,
 author = {Martin Fowler},
 title = {Patterns of Enterprise Application Architecture},
 year = {2002},
 isbn = {0321127420},
 publisher = {Addison-Wesley Longman Publishing Co., Inc.},
 address = {Boston, MA, USA},
 }

@Misc{DW98,
 Author         = {{Dave Winer}},
 Title          = {X{ML}-{RPC} {S}pecification},
 HowPublished   = {\url{http://www.xmlrpc.com/}},
 year           = 1998
}

@Misc{MGMH+03,
  Author         = {{Martin Gudgin} and {Marc Hadley} and {Noah
                   Mendelsohn} and {Jean-Jacques Moreau} and {Henrik
                   Frystyk Nielsen}},
  Title          = {S{OAP} {V}ersion 1.2 {P}art 1: {M}essaging {F}ramework},
  HowPublished   = {W3C Recommendation, \url{http://www.w3.org/TR/soap12-part1/}},
  month          = {June},
  year           = 2003
} 

@Misc{ECFC+01,
  Author         = {{Erik Christensen} and {Francisco Curbera} and {Greg
                   Meredith} and {Sanjiva Weerawarana}},
  Title          = {Web {S}ervices {D}escription {L}anguage ({WSDL}) -- {W}3{C} {N}ote},
  HowPublished   = {\url{http://www.w3.org/TR/wsdl}},
  month          = {March},
  year           = 2001
}    

@book{Gamma95,
	author = {Gamma, Erich   and Helm, Richard   and Johnson, Ralph   and Vlissides, John  },
	publisher = {Addison-Wesley Professional},
	title = {Design patterns: elements of reusable object-oriented software},
	year = {1995}
}

@PhdThesis{RTF00,
  Author         = {{Roy Thomas Fielding}},
  Title          = {Architectural {S}tyles and the {D}esign of
                   {N}etwork-based {S}oftware {A}rchitectures},
  School         = {University of California, Irvine},
  year           = 2000
}

@Misc{DBRG+,
  Author         = {Dan Brickley and R.V. Guha},
  Title          = {{RDF Vocabulary Description Language 1.0: RDF Schema -- W3CRecommendation}},
  HowPublished   = {http://www.w3.org/TR/rdf-schema/},
  month          = feb,
  year           = 2004
}

@article{PTDL07,
author = {Michael P. Papazoglou and Paolo Traverso and Schahram Dustdar and Frank Leymann},
title = {Service-Oriented Computing: State of the Art and Research Challenges},
journal = {Computer},
volume = {40},
number = {11},
year = {2007},
issn = {0018-9162},
pages = {38--45},
doi = {http://doi.ieeecomputersociety.org/10.1109/MC.2007.400},
publisher = {IEEE Computer Society},
address = {Los Alamitos, CA, USA}
}

@article{PH07,
  author    = {Mike P. Papazoglou and
               Willem-Jan van den Heuvel},
  title     = {Service oriented architectures: approaches, technologies
               and research issues},
  journal   = {VLDB Journal},
  volume    = {16},
  number    = {3},
  year      = {2007},
  pages     = {389--415},
  ee        = {http://dx.doi.org/10.1007/s00778-007-0044-3}
}

@article{AalstH05,
  author    = {Wil M. P. van der Aalst and
               Arthur H. M. ter Hofstede},
  title     = {YAWL: yet another workflow language},
  journal   = {Inf. Syst.},
  volume    = {30},
  number    = {4},
  year      = {2005},
  pages     = {245-275},
  ee        = {http://dx.doi.org/10.1016/j.is.2004.02.002},
  bibsource = {DBLP, http://dblp.uni-trier.de}
}

@inproceedings{AalstADH04,
  author    = {Wil M. P. van der Aalst and
               Lachlan Aldred and
               Marlon Dumas and
               Arthur H. M. ter Hofstede},
  title     = {Design and Implementation of the YAWL System},
  booktitle = {CAiSE},
  year      = {2004},
  pages     = {142-159},
  ee        = {http://springerlink.metapress.com/openurl.asp?genre=article{\&}issn=0302-9743{\&}volume=3084{\&}spage=142},
  crossref  = {DBLP:conf/caise/2004},
  bibsource = {DBLP, http://dblp.uni-trier.de}
}

@proceedings{DBLP:conf/caise/2004,
  editor    = {Anne Persson and
               Janis Stirna},
  title     = {Advanced Information Systems Engineering, 16th International
               Conference, CAiSE 2004, Riga, Latvia, June 7-11, 2004, Proceedings},
  booktitle = {CAiSE},
  publisher = {Springer},
  series    = {Lecture Notes in Computer Science},
  volume    = {3084},
  year      = {2004},
  isbn      = {3-540-22151-4},
  bibsource = {DBLP, http://dblp.uni-trier.de}
}

@inproceedings{KangWH07,
  author    = {Zuling Kang and
               Hongbing Wang and
               Patrick C. K. Hung},
  title     = {WS-CDL+: An Extended WS-CDL Execution Engine for Web Service
               Collaboration},
  booktitle = {ICWS},
  year      = {2007},
  pages     = {928-935},
  ee        = {http://doi.ieeecomputersociety.org/10.1109/ICWS.2007.196},
  crossref  = {DBLP:conf/icws/2007},
  bibsource = {DBLP, http://dblp.uni-trier.de}
}

@proceedings{DBLP:conf/icws/2007,
  title     = {2007 IEEE International Conference on Web Services (ICWS
               2007), July 9-13, 2007, Salt Lake City, Utah, USA},
  booktitle = {ICWS},
  publisher = {IEEE Computer Society},
  year      = {2007},
  bibsource = {DBLP, http://dblp.uni-trier.de}
}

@article{SkeenS83,
  author    = {Dale Skeen and
               Michael Stonebraker},
  title     = {A Formal Model of Crash Recovery in a Distributed System},
  journal   = {IEEE Trans. Software Eng.},
  volume    = {9},
  number    = {3},
  year      = {1983},
  pages     = {219-228},
  bibsource = {DBLP, http://dblp.uni-trier.de}
}

@article{HenzingerMP94,
  author    = {Thomas A. Henzinger and
               Zohar Manna and
               Amir Pnueli},
  title     = {Temporal Proof Methodologies for Timed Transition Systems},
  journal   = {Inf. Comput.},
  volume    = {112},
  number    = {2},
  year      = {1994},
  pages     = {273-337},
  bibsource = {DBLP, http://dblp.uni-trier.de}
}

@inproceedings{MerrittMT91,
  author    = {Michael Merritt and
               Francesmary Modugno and
               Marc R. Tuttle},
  title     = {Time-Constrained Automata (Extended Abstract)},
  booktitle = {CONCUR},
  year      = {1991},
  pages     = {408-423},
  crossref  = {DBLP:conf/concur/1991},
  bibsource = {DBLP, http://dblp.uni-trier.de}
}

@proceedings{DBLP:conf/concur/1991,
  editor    = {Jos C. M. Baeten and
               Jan Friso Groote},
  title     = {CONCUR '91, 2nd International Conference on Concurrency
               Theory, Amsterdam, The Netherlands, August 26-29, 1991,
               Proceedings},
  booktitle = {CONCUR},
  publisher = {Springer},
  series    = {Lecture Notes in Computer Science},
  volume    = {527},
  year      = {1991},
  isbn      = {3-540-54430-5},
  bibsource = {DBLP, http://dblp.uni-trier.de}
}

@article{LynchA92,
  author    = {Nancy A. Lynch and
               Hagit Attiya},
  title     = {Using Mappings to Prove Timing Properties},
  journal   = {Distributed Computing},
  volume    = {6},
  number    = {2},
  year      = {1992},
  pages     = {121-139},
  bibsource = {DBLP, http://dblp.uni-trier.de}
}

@inproceedings{PnueliH88,
  author    = {Amir Pnueli and
               Eyal Harel},
  title     = {Applications of Temporal Logic to the Specification of Real-time
               Systems},
  booktitle = {FTRTFT},
  year      = {1988},
  pages     = {84-98},
  crossref  = {DBLP:conf/ftrtft/1988},
  bibsource = {DBLP, http://dblp.uni-trier.de}
}

@proceedings{DBLP:conf/ftrtft/1988,
  editor    = {Mathai Joseph},
  title     = {Formal Techniques in Real-Time and Fault-Tolerant Systems,
               Proceedings of a Symposium, Warwick, UK, September 22-23,
               1988},
  booktitle = {FTRTFT},
  publisher = {Springer},
  series    = {Lecture Notes in Computer Science},
  volume    = {331},
  year      = {1988},
  isbn      = {3-540-50302-1},
  bibsource = {DBLP, http://dblp.uni-trier.de}
}

@Book{Ramchandani74,
  author =       "C. Ramchandani",
  title =        "Analysis of Asynchronous Concurrent Systems by Timed
                 Petri Nets.",
  publisher =    "Cambridge, Mass.: MIT, Dept. Electrical Engineering,
                 PhD Thesis",
  year =         "1974",
}

@phdthesis{PMM74,
 author = {Philip Meir Merlin},
 title = {A study of the recoverability of computing systems.},
 year = {1974},
 order_no = {AAI7511026},
 school = {University of California, Irvine}
}

@Misc{UML,
  author = {Object Management Group Inc. (OMG)},
  title = {OMG Unified Modeling Language (OMG UML), Infrastructure, V2.1.2},
  year = {2007},
  month = nov,
  howpublished = {\url{http://www.omg.org/spec/UML/2.1.2/Infrastructure/PDF/}}
}

@phdthesis{Forgy79,
 author = {Charles Lanny Forgy},
 title = {On the efficient implementation of production systems.},
 year = {1979},
 order_no = {AAI7919143},
 school = {Carnegie Mellon University},
 address = {Pittsburgh, PA, USA},
}

@article{Forgy82,
  author    = {Charles Forgy},
  title     = {Rete: A Fast Algorithm for the Many Patterns/Many Objects
               Match Problem},
  journal   = {Artif. Intell.},
  volume    = {19},
  number    = {1},
  year      = {1982},
  pages     = {17-37},
}

@inproceedings{NezhadSBCPT07,
  author    = {Hamid R. Motahari Nezhad and
               R{\'e}gis Saint-Paul and
               Boualem Benatallah and
               Fabio Casati and
               Julien Ponge and
               Farouk Toumani},
  title     = {ServiceMosaic: Interactive Analysis and Manipulation of
               Service Conversations},
  booktitle = {ICDE},
  year      = {2007},
  pages     = {1497-1498},
  ee        = {http://dx.doi.org/10.1109/ICDE.2007.369051},
  crossref  = {DBLP:conf/icde/2007},
  bibsource = {DBLP, http://dblp.uni-trier.de}
}

@proceedings{DBLP:conf/icde/2007,
  title     = {Proceedings of the 23rd International Conference on Data
               Engineering, ICDE 2007,  April 15-20, 2007, The Marmara
               Hotel, Istanbul, Turkey},
  booktitle = {ICDE},
  publisher = {IEEE},
  year      = {2007},
  bibsource = {DBLP, http://dblp.uni-trier.de}
}

@inproceedings{Motahari-NezhadSBC07,
  author    = {Hamid R. Motahari Nezhad and
               R{\'e}gis Saint-Paul and
               Boualem Benatallah and
               Fabio Casati},
  title     = {Protocol Discovery from Imperfect Service Interaction Logs},
  booktitle = {ICDE},
  year      = {2007},
  pages     = {1405-1409},
  ee        = {http://dx.doi.org/10.1109/ICDE.2007.369022},
  crossref  = {DBLP:conf/icde/2007},
  bibsource = {DBLP, http://dblp.uni-trier.de}
}

@inproceedings{NezhadBMCC07,
  author    = {Hamid R. Motahari Nezhad and
               Boualem Benatallah and
               Axel Martens and
               Francisco Curbera and
               Fabio Casati},
  title     = {Semi-automated adaptation of service interactions},
  booktitle = {WWW},
  year      = {2007},
  pages     = {993-1002},
  ee        = {http://doi.acm.org/10.1145/1242572.1242706},
  crossref  = {DBLP:conf/www/2007},
  bibsource = {DBLP, http://dblp.uni-trier.de}
}

@proceedings{DBLP:conf/www/2007,
  editor    = {Carey L. Williamson and
               Mary Ellen Zurko and
               Peter F. Patel-Schneider and
               Prashant J. Shenoy},
  title     = {Proceedings of the 16th International Conference on World
               Wide Web, WWW 2007, Banff, Alberta, Canada, May 8-12, 2007},
  booktitle = {WWW},
  publisher = {ACM},
  year      = {2007},
  isbn      = {978-1-59593-654-7},
  bibsource = {DBLP, http://dblp.uni-trier.de}
}

@inproceedings{SkogsrudBCD04,
  author    = {Halvard Skogsrud and
               Boualem Benatallah and
               Fabio Casati and
               Manh Q. Dinh},
  title     = {Trust-Serv: A Lightweight Trust Negotiation Service},
  booktitle = {VLDB},
  year      = {2004},
  pages     = {1329-1332},
  ee        = {http://www.vldb.org/conf/2004/DEMP20.PDF},
  crossref  = {DBLP:conf/vldb/2004},
  bibsource = {DBLP, http://dblp.uni-trier.de}
}
@proceedings{DBLP:conf/vldb/2004,
  editor    = {Mario A. Nascimento and
               M. Tamer {\"O}zsu and
               Donald Kossmann and
               Ren{\'e}e J. Miller and
               Jos{\'e} A. Blakeley and
               K. Bernhard Schiefer},
  title     = {(e)Proceedings of the Thirtieth International Conference
               on Very Large Data Bases, Toronto, Canada, August 31 - September
               3 2004},
  publisher = {Morgan Kaufmann},
  year      = {2004},
  isbn      = {0-12-088469-0},
  bibsource = {DBLP, http://dblp.uni-trier.de}
}

@article{SkogsrudBC03,
  author    = {Halvard Skogsrud and
               Boualem Benatallah and
               Fabio Casati},
  title     = {Model-Driven Trust Negotiation for Web Services},
  journal   = {IEEE Internet Computing},
  volume    = {7},
  number    = {6},
  year      = {2003},
  pages     = {45-52},
  ee        = {http://csdl.computer.org/comp/mags/ic/2003/06/w6045abs.htm},
  bibsource = {DBLP, http://dblp.uni-trier.de}
}

@article{ParrQ95,
  author    = {Terence John Parr and
               Russell W. Quong},
  title     = {ANTLR: A Predicated- \textit{LL(k)} Parser Generator},
  journal   = {Softw., Pract. Exper.},
  volume    = {25},
  number    = {7},
  year      = {1995},
  pages     = {789-810},
  bibsource = {DBLP, http://dblp.uni-trier.de}
}

@inproceedings{FreemanP06,
  author    = {Steve Freeman and
               Nat Pryce},
  title     = {Evolving an embedded domain-specific language in Java},
  booktitle = {OOPSLA Companion},
  year      = {2006},
  pages     = {855-865},
  ee        = {http://doi.acm.org/10.1145/1176617.1176735},
  crossref  = {DBLP:conf/oopsla/2006c},
  bibsource = {DBLP, http://dblp.uni-trier.de}
}
@proceedings{DBLP:conf/oopsla/2006c,
  editor    = {Peri L. Tarr and
               William R. Cook},
  title     = {Companion to the 21th Annual ACM SIGPLAN Conference on Object-Oriented
               Programming, Systems, Languages, and Applications, OOPSLA
               2006, October 22-26, 2006, Portland, Oregon, USA},
  booktitle = {OOPSLA Companion},
  publisher = {ACM},
  year      = {2006},
  isbn      = {1-59593-491-X},
  bibsource = {DBLP, http://dblp.uni-trier.de}
}

@Misc{FowlerFI05,
  author = {Martin Fowler},
  title = {Fluent Interface},
  year = {2005},
  month = dec,
  howpublished = {\url{http://martinfowler.com/bliki/FluentInterface.html}}
}

@Misc{FowlerDSL04,
  author = {Martin Fowler},
  title = {Domain Specific Language},
  year = {2004},
  month = feb,
  howpublished = {\url{http://martinfowler.com/bliki/DomainSpecificLanguage.html}}
}

@inproceedings{TrainottiPCZLBBT05,
  author    = {Michele Trainotti and
               Marco Pistore and
               Gaetano Calabrese and
               Gabriele Zacco and
               Gigi Lucchese and
               Fabio Barbon and
               Piergiorgio Bertoli and
               Paolo Traverso},
  title     = {ASTRO: Supporting Composition and Execution of Web Services},
  booktitle = {ICSOC},
  year      = {2005},
  pages     = {495-501},
  ee        = {http://dx.doi.org/10.1007/11596141_39},
  crossref  = {DBLP:conf/icsoc/2005},
  bibsource = {DBLP, http://dblp.uni-trier.de}
}
@proceedings{DBLP:conf/icsoc/2005,
  editor    = {Boualem Benatallah and
               Fabio Casati and
               Paolo Traverso},
  title     = {Service-Oriented Computing - ICSOC 2005, Third International
               Conference, Amsterdam, The Netherlands, December 12-15,
               2005, Proceedings},
  booktitle = {ICSOC},
  publisher = {Springer},
  series    = {Lecture Notes in Computer Science},
  volume    = {3826},
  year      = {2005},
  isbn      = {3-540-30817-2},
  bibsource = {DBLP, http://dblp.uni-trier.de}
}

@inproceedings{ShengBDM02,
  author    = {Quan Z. Sheng and
               Boualem Benatallah and
               Marlon Dumas and
               Eileen Oi-Yan Mak},
  title     = {SELF-SERV: A Platform for Rapid Composition of Web Services
               in a Peer-to-Peer Environment},
  booktitle = {VLDB},
  year      = {2002},
  pages     = {1051-1054},
  ee        = {http://www.vldb.org/conf/2002/S33P03.pdf},
  crossref  = {DBLP:conf/vldb/2002},
  bibsource = {DBLP, http://dblp.uni-trier.de}
}
@proceedings{DBLP:conf/vldb/2002,
  title     = {VLDB 2002, Proceedings of 28th International Conference
               on Very Large Data Bases, August 20-23, 2002, Hong Kong,
               China},
  publisher = {Morgan Kaufmann},
  year      = {2002},
  bibsource = {DBLP, http://dblp.uni-trier.de}
}

@article{BenatallahDM02,
  author    = {Boualem Benatallah and
               Marlon Dumas and
               Zakaria Maamar},
  title     = {Definition and Execution of Composite Web Services: The
               SELF-SERV Project},
  journal   = {IEEE Data Eng. Bull.},
  volume    = {25},
  number    = {4},
  year      = {2002},
  pages     = {47-52},
  ee        = {http://sites.computer.org/debull/A02DEC-CD.pdf},
  bibsource = {DBLP, http://dblp.uni-trier.de}
}

@article{BenatallahSD03,
  author    = {Boualem Benatallah and
               Quan Z. Sheng and
               Marlon Dumas},
  title     = {The Self-Serv Environment for Web Services Composition},
  journal   = {IEEE Internet Computing},
  volume    = {7},
  number    = {1},
  year      = {2003},
  pages     = {40-48},
  ee        = {http://www.computer.org/internet/ic2003/w1040abs.htm},
  bibsource = {DBLP, http://dblp.uni-trier.de}
}

@inproceedings{RouachedPG06,
  author    = {Mohsen Rouached and
               Olivier Perrin and
               Claude Godart},
  title     = {Towards Formal Verification of Web Service Composition},
  booktitle = {Business Process Management},
  year      = {2006},
  pages     = {257-273},
  ee        = {http://dx.doi.org/10.1007/11841760_18},
  crossref  = {DBLP:conf/bpm/2006},
  bibsource = {DBLP, http://dblp.uni-trier.de}
}
@proceedings{DBLP:conf/bpm/2006,
  editor    = {Schahram Dustdar and
               Jos{\'e} Luiz Fiadeiro and
               Amit P. Sheth},
  title     = {Business Process Management, 4th International Conference,
               BPM 2006, Vienna, Austria, September 5-7, 2006, Proceedings},
  booktitle = {BPM},
  publisher = {Springer},
  series    = {Lecture Notes in Computer Science},
  volume    = {4102},
  year      = {2006},
  isbn      = {3-540-38901-6},
  bibsource = {DBLP, http://dblp.uni-trier.de}
}

@article{GLTXH07,
author = {Zhifeng Gu and Juanzi Li and Jie Tang and Bin Xu and Ruobo Huang},
title = {Verification of Web Service Conversations Specified in WSCL},
journal = {Compsac},
volume = {2},
year = {2007},
issn = {0730-3157},
pages = {432-437},
doi = {http://doi.ieeecomputersociety.org/10.1109/COMPSAC.2007.235},
publisher = {IEEE Computer Society},
address = {Los Alamitos, CA, USA},
}

@article{FUMK03,
author = {Howard Foster and Sebastian Uchitel and Jeff Magee and Jeff Kramer},
title = {Model-based Verification of Web Service Compositions},
journal = {ase},
volume = {0},
year = {2003},
issn = {1527-1366},
pages = {152},
doi = {http://doi.ieeecomputersociety.org/10.1109/ASE.2003.1240303},
publisher = {IEEE Computer Society},
address = {Los Alamitos, CA, USA},
}

@book{HW03,
 author = {Gregor Hohpe and Bobby Woolf},
 title = {Enterprise Integration Patterns: Designing, Building, and Deploying Messaging Solutions},
 year = {2003},
 isbn = {0321200683},
 publisher = {Addison-Wesley Longman Publishing Co., Inc.},
 address = {Boston, MA, USA},
 }
 
 @book{Groovy07,
 author = {Dierk Koenig and Andrew Glover and Paul King and Guillaume Laforge and Jon Skeet},
 title = {Groovy in Action},
 year = {2007},
 isbn = {1932394842},
 publisher = {Manning Publications Co.},
 address = {Greenwich, CT, USA},
 }

@inproceedings{PongeBCT07,
  author    = {Julien Ponge and
               Boualem Benatallah and
               Fabio Casati and
               Farouk Toumani},
  title     = {Fine-Grained Compatibility and Replaceability Analysis of
               Timed Web Service Protocols},
  booktitle = {ER},
  year      = {2007},
  pages     = {599-614},
  ee        = {http://dx.doi.org/10.1007/978-3-540-75563-0_40},
  crossref  = {DBLP:conf/er/2007},
  bibsource = {DBLP, http://dblp.uni-trier.de}
}

@proceedings{DBLP:conf/er/2007,
  editor    = {Christine Parent and
               Klaus-Dieter Schewe and
               Veda C. Storey and
               Bernhard Thalheim},
  title     = {Conceptual Modeling - ER 2007, 26th International Conference
               on Conceptual Modeling, Auckland, New Zealand, November
               5-9, 2007, Proceedings},
  booktitle = {ER},
  publisher = {Springer},
  series    = {Lecture Notes in Computer Science},
  volume    = {4801},
  year      = {2007},
  isbn      = {978-3-540-75562-3},
  bibsource = {DBLP, http://dblp.uni-trier.de}
}

@article{NielsenS03,
  author    = {Brian Nielsen and
               Arne Skou},
  title     = {Automated test generation from timed automata},
  journal   = {STTT},
  volume    = {5},
  number    = {1},
  year      = {2003},
  pages     = {59-77},
  ee        = {http://dx.doi.org/10.1007/s10009-002-0094-1},
  bibsource = {DBLP, http://dblp.uni-trier.de}
}


@inproceedings{NielsenS01,
  author    = {Brian Nielsen and
               Arne Skou},
  title     = {Automated Test Generation from Timed Automata},
  booktitle = {TACAS},
  year      = {2001},
  pages     = {343-357},
  ee        = {http://link.springer.de/link/service/series/0558/bibs/2031/20310343.htm},
  crossref  = {DBLP:conf/tacas/2001},
  bibsource = {DBLP, http://dblp.uni-trier.de}
}
@proceedings{DBLP:conf/tacas/2001,
  editor    = {Tiziana Margaria and
               Wang Yi},
  title     = {Tools and Algorithms for the Construction and Analysis of
               Systems, 7th International Conference, TACAS 2001 Held as
               Part of the Joint European Conferences on Theory and Practice
               of Software, ETAPS 2001 Genova, Italy, April 2-6, 2001,
               Proceedings},
  booktitle = {TACAS},
  publisher = {Springer},
  series    = {Lecture Notes in Computer Science},
  volume    = {2031},
  year      = {2001},
  isbn      = {3-540-41865-2},
  bibsource = {DBLP, http://dblp.uni-trier.de}
}